<?xml version="1.0" encoding="UTF-8"?><record xmlns="http://www.loc.gov/MARC21/slim" xmlns:cinclude="http://apache.org/cocoon/include/1.0" xmlns:zs="http://www.loc.gov/zing/srw/">
  <leader>00307nz  a2200121n  4500</leader>
  <controlfield tag="001">nr 96022176 </controlfield>
  <controlfield tag="003">DLC</controlfield>
  <controlfield tag="005">19960615052705.0</controlfield>
  <controlfield tag="008">960614n| acannaab|          |n aaa     c</controlfield>
  <datafield tag="010" ind1=" " ind2=" ">
    <subfield code="a">nr 96022176 </subfield>
  </datafield>
  <datafield tag="040" ind1=" " ind2=" ">
    <subfield code="a">NNFr</subfield>
    <subfield code="c">NNFr</subfield>
  </datafield>
  <datafield tag="100" ind1="1" ind2="0">
    <subfield code="a">Roller, Stefan</subfield>
  </datafield>
  <datafield tag="670" ind1=" " ind2=" ">
    <subfield code="a">Die Karlsruhe Passion, 1996:</subfield>
    <subfield code="b">colophon (Stefan Roller)</subfield>
  </datafield>
</record>